@misc{w3schools,
  title = {w3schools Documentation},
  author = {https://www.w3schools.com/},
  howpublished = {\url{https://www.w3schools.com/js/default.asp}},
  
}

@misc{sqlite_doc,
  title = {SQLite Documentation},
  author = {sqlite.org},
  howpublished = {\url{https://www.sqlite.org/docs.html}},
  
}

